<record><leader>00000cas a22000007a 4500</leader><controlfield tag="001">37602814</controlfield><controlfield tag="008">970911d19771984tnuwr ne      0    0eng d</controlfield><datafield ind1=" " ind2=" " tag="010"><subfield code="a">sn 97065417 </subfield></datafield><datafield ind1=" " ind2=" " tag="040"><subfield code="a">TGN</subfield><subfield code="b">eng</subfield><subfield code="c">TGN</subfield><subfield code="d">TGN</subfield><subfield code="d">OCLCQ</subfield><subfield code="d">OCLCF</subfield><subfield code="d">OCLCO</subfield></datafield><datafield ind1="1" ind2=" " tag="029"><subfield code="a">AU@</subfield><subfield code="b">000013497192</subfield></datafield><datafield ind1=" " ind2=" " tag="042"><subfield code="a">msc</subfield></datafield><datafield ind1=" " ind2=" " tag="043"><subfield code="a">n-us-tn</subfield></datafield><datafield ind1="0" ind2="0" tag="245"><subfield code="a">Tri-county observer.</subfield></datafield><datafield ind1="1" ind2=" " tag="246"><subfield code="i">Colophon title:</subfield><subfield code="a">Observer</subfield></datafield><datafield ind1=" " ind2=" " tag="260"><subfield code="a">Madisonville, Tenn. :</subfield><subfield code="b">Monroe County Pub. Co.,</subfield><subfield code="c">1977-1984.</subfield></datafield><datafield ind1=" " ind2=" " tag="300"><subfield code="a">v.</subfield></datafield><datafield ind1=" " ind2=" " tag="310"><subfield code="a">Weekly,</subfield><subfield code="b">Apr. 18, 1979-Jan. 3, 1984</subfield></datafield><datafield ind1=" " ind2=" " tag="321"><subfield code="a">Weekly,</subfield><subfield code="b">Jan. 26-Aug. 24, 1977</subfield></datafield><datafield ind1=" " ind2=" " tag="321"><subfield code="a">Semiweekly,</subfield><subfield code="b">Aug. 26, 1977-Apr. 13, 1979</subfield></datafield><datafield ind1="0" ind2=" " tag="362"><subfield code="a">Vol. 106, no. 21 (Jan. 26, 1977)-v. 102, no. 13 (Jan. 3, 1984).</subfield></datafield><datafield ind1=" " ind2=" " tag="500"><subfield code="a">Editor: Dan Hicks, Jr., 1977-1984.</subfield></datafield><datafield ind1=" " ind2=" " tag="515"><subfield code="a">Numbering is irregular.</subfield></datafield><datafield ind1=" " ind2="0" tag="651"><subfield code="a">Madisonville (Tenn.)</subfield><subfield code="v">Newspapers.</subfield></datafield><datafield ind1=" " ind2="0" tag="651"><subfield code="a">Monroe County (Tenn.)</subfield><subfield code="v">Newspapers.</subfield></datafield><datafield ind1=" " ind2="7" tag="655"><subfield code="a">Newspapers.</subfield><subfield code="2">fast</subfield><subfield code="0">(OCoLC)fst01423814</subfield></datafield><datafield ind1=" " ind2="7" tag="651"><subfield code="a">Tennessee</subfield><subfield code="z">Madisonville.</subfield><subfield code="2">fast</subfield><subfield code="0">(OCoLC)fst01231988</subfield></datafield><datafield ind1=" " ind2="7" tag="651"><subfield code="a">Tennessee</subfield><subfield code="z">Monroe County.</subfield><subfield code="2">fast</subfield><subfield code="0">(OCoLC)fst01208171</subfield></datafield><datafield ind1=" " ind2=" " tag="752"><subfield code="a">United States</subfield><subfield code="b">Tennessee</subfield><subfield code="c">Monroe</subfield><subfield code="d">Madisonville.</subfield></datafield><datafield ind1="0" ind2=" " tag="775"><subfield code="t">Observer (Madisonville, Tenn.)</subfield><subfield code="g">Apr. 20, 1979-Feb. 8, 1980</subfield><subfield code="w">(DLC)sn 97065424</subfield></datafield><datafield ind1="0" ind2=" " tag="775"><subfield code="t">Mini (Madisonville, Tenn.)</subfield><subfield code="g">Feb. 15, 1980-Jan. 3, 1984</subfield><subfield code="w">(DLC)sn 97065423</subfield></datafield><datafield ind1="0" ind2="0" tag="780"><subfield code="t">Monroe County observer</subfield><subfield code="w">(DLC)sn 97065416</subfield></datafield><datafield ind1="0" ind2="0" tag="785"><subfield code="t">Democrat observer</subfield><subfield code="w">(DLC)sn 84007671</subfield></datafield></record>